<?xml version="1.0" encoding="UTF-8"?><record xmlns="http://www.loc.gov/MARC21/slim" xmlns:cinclude="http://apache.org/cocoon/include/1.0" xmlns:zs="http://www.loc.gov/zing/srw/">
  <leader>00508cz  a2200145n  4500</leader>
  <controlfield tag="001">n 2010000777</controlfield>
  <controlfield tag="003">DLC</controlfield>
  <controlfield tag="005">20100113075406.0</controlfield>
  <controlfield tag="008">100106n| acannaabn          |b aaa      </controlfield>
  <datafield tag="010" ind1=" " ind2=" ">
    <subfield code="a">n 2010000777</subfield>
  </datafield>
  <datafield tag="040" ind1=" " ind2=" ">
    <subfield code="a">DLC</subfield>
    <subfield code="b">eng</subfield>
    <subfield code="c">DLC</subfield>
    <subfield code="d">DLC</subfield>
  </datafield>
  <datafield tag="100" ind1="1" ind2=" ">
    <subfield code="a">Chzhan, I︠U︡ĭpin</subfield>
  </datafield>
  <datafield tag="400" ind1="1" ind2=" ">
    <subfield code="a">Чжан, Юйпин</subfield>
  </datafield>
  <datafield tag="667" ind1=" " ind2=" ">
    <subfield code="a">Non-Latin script reference not evaluated.</subfield>
  </datafield>
  <datafield tag="670" ind1=" " ind2=" ">
    <subfield code="a">Chzhan, I︠U︡ĭpin. Semantika subʺektnykh padezhnykh form v russkom i︠a︡zyke, 2009:</subfield>
    <subfield code="b">t.p. (Chzhan I︠U︡ĭpin = Чжан Юйпин)</subfield>
  </datafield>
</record>